@article{altschul_etal_1990,
    abstract = {{A new approach to rapid sequence comparison, basic local alignment search tool (BLAST), directly approximates alignments that optimize a measure of local similarity, the maximal segment pair (MSP) score. Recent mathematical results on the stochastic properties of MSP scores allow an analysis of the performance of this method as well as the statistical significance of alignments it generates. The basic algorithm is simple and robust; it can be implemented in a number of ways and applied in a variety of contexts including straightforward DNA and protein sequence database searches, motif searches, gene identification searches, and in the analysis of multiple regions of similarity in long DNA sequences. In addition to its flexibility and tractability to mathematical analysis, BLAST is an order of magnitude faster than existing sequence comparison tools of comparable sensitivity.}},
    address = {National Center for Biotechnology Information, National Library of Medicine, National Institutes of Health, Bethesda, MD 20894.},
    author = {S. F. Altschul and W. Gish and W. Miller and E. W. Myers and D. J. Lipman},
    citeulike-article-id = {100088},
    citeulike-linkout-0 = {http://dx.doi.org/10.1006/jmbi.1990.9999},
    citeulike-linkout-1 = {http://view.ncbi.nlm.nih.gov/pubmed/2231712},
    citeulike-linkout-2 = {http://www.hubmed.org/display.cgi?uids=2231712},
    citeulike-linkout-3 = {http://www.sciencedirect.com/science/article/B6WK7-45PV640-2J/2/57a0a7cd25f342367d4f1daf09ac89e8},
    citeulike-linkout-4 = {http://www.wormbase.org/db/misc/paper?name=WBPaper00024706},
    day = {5},
    doi = {10.1006/jmbi.1990.9999},
    issn = {0022-2836},
    journal = {Journal of Molecular Biology},
    keywords = {algorithm},
    month = oct,
    number = {3},
    pages = {403--410},
    pmid = {2231712},
    posted-at = {2006-06-23 15:24:02},
    priority = {2},
    title = {{Basic local alignment search tool.}},
    url = {http://dx.doi.org/10.1006/jmbi.1990.9999},
    volume = {215},
    year = {1990}
}

@ARTICLE{bienapfl_balci_2013,
AUTHOR="J. C. Bienapfl AND Y. Balci",
YEAR = "2014",
TITLE = "Movement of \emph{{P}hytophthora} species in {M}aryland's nursery trade",
JOURNAL = "Plant Disease",
VOLUME=98,
PAGES="134-144",
}

@article{blair2008multi,
  title={A multi-locus phylogeny for \emph{{P}hytophthora} utilizing markers derived from complete genome sequences},
  author={Blair, Jaime E and Coffey, Michael D and Park, Sook-Young and Geiser, David M and Kang, Seogchan},
  journal={Fungal Genetics and Biology},
  volume={45},
  number={3},
  pages={266--277},
  year={2008},
  publisher={Elsevier}
}

@ARTICLE{christ_etal_2003,
AUTHOR = "T. O. Crist AND J. A. Veech AND J. C. Gering AND K. S. Summerville",
YEAR = 2003,
TITLE = "Partitioning species diversity across landscapes and regions: a hierarchical analysis of $\alpha$, $\beta$, and $\gamma$-diversity",
JOURNAL = "American Naturalist",
Volume = 162,
PAGES = "734–743",
}

@ARTICLE{sod,
author = {{U.S. National Archives and Records Administration}},
title = {{Phytophthora Ramorum; Quarantine and Regulations}},
year = 2007,
month = "Feb.",
VOLUME = "Vol. 72 No. 38",
NUMBER = 38,
JOURNAL = "Federal Register",
pages = "8585-8604",
}

%pages = "72 FR 8597",
%url = {{http://www.ecfr.gov/cgi-bin/retrieveECFR?gp=1\&SID=36beb9336d8b90a8225b7196b3567b10\&ty=HTML\&h=L\&r=SUBPART\&n=7y5.1.1.1.2.24}}

@ARTICLE{cooke_etal_2000,
AUTHOR = "D. E. L. Cooke AND A. Drenth AND J. M. Duncan AND G. Wagels AND C. M. Brasier",
YEAR = 2000,
TITLE = "A molecular phylogeny of \emph{{P}hytophthora} and related oomycetes",
JOURNAL = "Fungal Genetics and Biology",
VOLUME = 30,
PAGES = "17–32",
}

@ARTICLE{donahoo_lamour_2008,
AUTHOR="R. S. Donahoo AND K. H. Lamour",
TITLE="Characterization of \emph{{P}hytophthora} Species from Leaves of Nursery Woody Ornamentals in {T}ennessee",
YEAR="2008",
JOURNAL="HortScience",
VOLUME=43,
PAGES="1833-1837",
}

@book{erwin_ribeiro_1996,
author = "D. C. Erwin AND O. K. Ribeiro",
title = "Phytophthora diseases worldwide",
publisher = "APS Press",
year = 1996,
}

@article{ginetti_etal_2013,
  title={\emph{{P}hytophthora acerina} sp. nov., a new species causing bleeding cankers and dieback of \emph{{A}cer pseudoplatanus} trees in planted forests in northern {I}taly},
  author={Ginetti, B and Moricca, S and Squires, JN and Cooke, DEL and Ragazzi, A and Jung, T},
  journal={Plant Pathology},
  year={2013},
  publisher={Wiley Online Library}
}

@ARTICLE{grunwald_etal_2011,
AUTHOR = "N. J. Gr{\"u}nwald AND F. N. Martin AND M. M. Larsen AND C. M. Sullivan AND C. M. Press AND M. D. Coffey AND E. M. Hansen AND J. L. Parke",
YEAR = 2011,
TITLE = "Phytophthora-ID.org: A sequence-based \emph{{P}hytophthora} identification tool",
JOURNAL = "Plant Disease",
VOLUME = 95,
PAGES = "337–342",
}

@ARTICLE{hansen_etal_2005,
AUTHOR = "E. M. Hansen AND J. L. Parke and W. Sutton",
YEAR = 2005,
TITLE = "Susceptibility of {O}regon Forest Trees and Shrubs to \emph{Phytophthora ramorum}: A Comparison of Artificial Inoculation and Natural Infection",
JOURNAL = "Plant Disease",
VOLUME = 89,
PAGES = "63-70",
}

@article{hong2011,
  title={\emph{{P}hytophthora pini} {L}eonian resurrected to distinct species status},
  author={Hong, Chuanxue and Gallegly, Mannon E and Richardson, Patricia A and Kong, Ping},
  journal={Mycologia},
  volume={103},
  number={2},
  pages={351--360},
  year={2011},
  publisher={Mycol Soc America}
}

@ARTICLE{jeffers_martin_1986,
AUTHOR="S. N. Jeffers AND S. B. Martin",
TITLE="Comparison of two media selective for \emph{{P}hytophthora} and \emph{{P}ythium} species",
YEAR=1986,
JOURNAL="Plant Disease",
VOLUME=70,
PAGES="1038-1043",
}

@ARTICLE{jung_burgess_2009,
AUTHOR="T. Jung AND T. I. Burgess",
TITLE="Re-evaluation of \emph{Phytophthora citricola} isolates from multiple woody hosts in {E}urope and {N}orth {A}merica reveals a new species, \emph{Phytophthora plurivora} sp. nov.",
YEAR=2009,
JOURNAL="Personia",
VOLUME=22,
PAGES="95-110",
}

@ARTICLE{kroon_etal_2012,
AUTHOR = "L. P. N. M. Kroon AND H. Brouwer AND A. W. A. M. de Cock and F. Govers",
YEAR = 2012,
TITLE = "The Genus \emph{{P}hytophthora} Anno 2012",
JOURNAL = "Phytopathology",
VOLUME = 102,
PAGES = "348-364",
}

@article{kroon2004phylogenetic,
  title={Phylogenetic analysis of \emph{{P}hytophthora} species based on mitochondrial and nuclear {DNA} sequences},
  author={Kroon, LPNM and Bakker, FT and Van Den Bosch, GBM and Bonants, PJM and Flier, WG},
  journal={Fungal Genetics and Biology},
  volume={41},
  number={8},
  pages={766--782},
  year={2004},
  publisher={Elsevier}
}

@ARTICLE{lande_1996,
AUTHOR = "R. Lande",
YEAR = 1996,
TITLE = "Statistics and partitioning of species diversity, and similarity among multiple communities",
JOURNAL = "Oikos",
VOLUME = 76,
PAGES = "5–13",
}

@ARTICLE{leonberger_etal_2013,
AUTHOR="A. J. Leonberger AND C. Speers AND G. Ruhl AND T. Creswell and J. L. Beckerman",
YEAR=2013,
TITLE="A Survey of \emph{{P}hytophthora} spp. in Midwest Nurseries, Greenhouses, and Landscapes",
JOURNAL="Plant Disease",
VOLUME=97,
PAGES="635-640",
}



@MANUAL{r_maps,
AUTHOR = {R. A. Becker and A. R. Wilks},
YEAR =  {1993},
TITLE = {Maps in S},
ORGANIZATION = "AT\&T Bell Laboratories Statistics Research Report",
VOLUME = {95.2},
}

@article{martin_etal_2013,
	title = {Reconstructing genome evolution in historic samples of the {I}rish potato famine pathogen},
	volume = {4},
	url = {http://dx.doi.org/10.1038/ncomms3172},
	journal = {Nature Communications},
	author = {Martin, Michael D. and Cappellini, Enrico and Samaniego, Jose A. and Zepeda, M. Lisandra and Campos, Paula F. and Seguin-Orlando, Andaine and Wales, Nathan and Orlando, Ludovic and Ho, Simon Y. W. and Dietrich, Fred S. and Mieczkowski, Piotr A. and Heitman, Joseph and Willerslev, Eske and Krogh, Anders and Ristaino, Jean B. and Gilbert, M. Thomas P.},
	month = jul,
	year = {2013},
}

@article{martin2000phylogenetic,
  title={Phylogenetic relationships among some \emph{{P}ythium} species inferred from sequence analysis of the mitochondrially encoded cytochrome oxidase {II} gene},
  author={Martin, Frank N},
  journal={Mycologia},
  pages={711--727},
  year={2000},
  publisher={JSTOR}
}

@article{martin2003phylogenetic,
  title={Phylogenetic relationships among \emph{{P}hytophthora} species inferred from sequence analysis of mitochondrially encoded cytochrome oxidase {I} and {II} genes},
  author={Martin, Frank N and Tooley, Paul W},
  journal={Mycologia},
  volume={95},
  number={2},
  pages={269--284},
  year={2003},
  publisher={Mycol Soc America}
}


@MISC{oda_2012,
author = {{Oregon Department of Agriculture}},
title = "Oregon agriculture: facts and figures",
year = 2012,
url = {http://www.oregon.gov/ODA/docs/pdf/pubs/ff.pdf}
}

@ARTICLE{olson_benson_2011,
AUTHOR="H. A. Olson and D. M. Benson",
TITLE="Characterization of \emph{{P}hytophthora} spp. on Floriculture Crops in {N}orth {C}arolina",
YEAR="2011",
JOURNAL="Plant Disease",
VOLUME=95,
PAGES="1013-1020",
}

@ARTICLE{olson_etal_2013,
AUTHOR="H. A. Olson AND S. N. Jeffers AND K. L. Ivors AND K. C. Steddom AND J. L. Williams-Woodward AND M. T. Mmbaga AND D. M. Benson AND C. X. Hong",
TITLE="Diversity and Mefenoxam Sensitivity of \emph{{P}hytophthora} spp. Associated with the Ornamental Horticulture Industry in the Southeastern {U}nited {S}tates",
YEAR=2013,
JOURNAL="Plant Disease",
VOLUME=97,
PAGES="86-92",
}


@Manual{R,
    title = {R: A Language and Environment for Statistical Computing},
    author = {{R Core Team}},
    organization = {R Foundation for Statistical Computing},
    address = {Vienna, Austria},
    year = {2012},
    note = {{ISBN} 3-900051-07-0},
    url = {http://www.R-project.org/},
}

@ARTICLE{schwingle_etal_2007,
AUTHOR= "B. W. Schwingle AND J. A. Smith and R. A. Blanchette",
TITLE="\emph{Phytophthora} Species Associated with Diseased Woody Ornamentals
in {M}innesota Nurseries",
YEAR=2007,
JOURNAL="Plant Disease",
VOLUME=91,
PAGES="97-102",
}


@ARTICLE{tooley_etal_2004,
TITLE="Susceptibility of Selected {E}ricaceous Ornamental Host Species to \emph{{P}hytophthora ramorum}",
AUTHOR="P. W. Tooley AND K. L. Kyde and L. Englander",
YEAR=2004,
JOURNAL="Plant Disease",
VOLUME=88,
PAGES="993-999",
}

@Manual{vegan,
title = {vegan: Community Ecology Package},
author = {Jari Oksanen and F. Guillaume Blanchet and Roeland Kindt and Pierre Legendre and Peter R. Minchin and R. B. O'Hara and Gavin L. Simpson and Peter Solymos and M. Henry H. Stevens and Helene Wagner},
year = {2013},
note = {R package version 2.0-7},
url = {http://CRAN.R-project.org/package=vegan},
}

@ARTICLE{warfield_etal_2008,
TITLE="\emph{{P}hytophthora} Blight and Dieback in {N}orth {C}arolina Nurseries During a 2003 Survey",
AUTHOR="C. Y. Warfield AND J. Hwang and D. M. Benson",
YEAR=2008,
JOURNAL="Plant Disease",
VOLUME=92,
PAGES="474-481",
}


@ARTICLE{werres_etal_2001,
TITLE="\emph{{P}hytophthora ramorum} sp. nov., a new pathogen on \emph{Rhododendron} and \emph{Viburnum}",
AUTHOR="S. Werres AND R. Marwitz AND W. A. Man In’t Veld AND A. W. A. M. De Cock AND P. J. M. Bonant AND M. De Weerdt AND K. Themann AND E. Ilieva and R. P. Baayen",
VOLUME=10,
PAGES="1155-1165",
YEAR=2001,
JOURNAL="Mycological Research",
}

@ARTICLE{yakabe_etal_2009,
AUTHOR="L. E. Yakabe AND C. L. Blomquist and S. L. Thomas and J. D. MacDonald",
TITLE="Identification and Frequency of \emph{{P}hytophthora} Species Associated with Foliar Diseases in {C}alifornia Ornamental Nurseries",
YEAR=2009,
JOURNAL="Plant Disease",
VOLUME=93,
PAGES="883-890",
}


@article {yoshida_etal_2013,
	author = {Kentaro Yoshida and Verena J Schuenemann and Liliana M Cano and Marina Pais and Bagdevi Mishra and Rahul Sharma and Chirsta Lanz and Frank N Martin and Sophien Kamoun and Johannes Krause and Marco Thines and Detlef Weigel and Hern{\'a}n A Burbano},
	title = {The rise and fall of the \emph{Phytophthora infestans} lineage that triggered the {I}rish potato famine},
	volume = {2},
	year = {2013},
	doi = {10.7554/eLife.00731},
	URL = {http://elife.elifesciences.org/content/2/e00731},
	eprint = {http://elife.elifesciences.org/content/2/e00731.full.pdf},
	journal = {eLife}
}





% 116
@article {grunwald_etal_2012,
	title = "Emergence of the sudden oak death pathogen \emph{{P}hytophthora ramorum}",
	journal = {Trends in Microbiology},
	volume = {20},
	number = {3},
	year = {2012},
	note = {921CMTimes Cited:4Cited References Count:71},
	pages = {131-138},
	abstract = {<p>The recently emerged plant pathogen Phytophthora ramorum is responsible for causing the sudden oak death epidemic. This review documents the emergence of P. ramorum based on evolutionary and population genetic analyses. Currently infection by P. ramorum occurs only in Europe and North America and three clonal lineages are distinguished: EU1, NA1 and NA2. Ancient divergence of these lineages supports a scenario in which P. ramorum originated from reproductively isolated populations and underwent at least four global migration events. This recent work sheds new light on mechanisms of emergence of exotic pathogens and provides crucial insights into migration pathways.</p>},
	keywords = {central mexico, clonal lineages, genome sequences, interspecific hybridization, microsatellite markers, natural hybrid, oregon tanoak forests, plant pathology, port-orford-cedar, toluca valley},
	isbn = {0966-842X},
	author = {Gr{\"u}nwald, N. J. and Garbelotto, M. and Goss, E. M. and Heungens, K. and Prospero, S.}
}


% ISI:000312414300006
@article{van_poucke_etal_2012,
Author = {Van Poucke, Kris and Franceschini, Selma and Webber, Joan F. and
   Vercauteren, Annelies and Turner, Judith A. and McCracken, Alistair R.
   and Heungens, Kurt and Brasier, Clive M.},
Title = {{Discovery of a fourth evolutionary lineage of \emph{{P}hytophthora ramorum}: EU2}},
Journal = {{Fungal Biology}},
Year = {{2012}},
Volume = {{116}},
Number = {{11}},
Pages = {{1178-1191}},
Month = {{NOV}},
DOI = {{10.1016/j.funbio.2012.09.003}},
ISSN = {{1878-6146}},
ResearcherID-Numbers = {{GenePool, The/D-8812-2012}},
Unique-ID = {{ISI:000312414300006}},
}

% 112
@article {parke_grunwald_2012,
	title = {A Systems Approach for Management of Pests and Pathogens of Nursery Crops},
	journal = {Plant Disease},
	volume = {96},
	number = {9},
	year = {2012},
	note = {991COTimes Cited:0Cited References Count:28},
	month = {Sep},
	pages = {1236-1244},
	keywords = {north-america, phytophthora-ramorum, sudden oak death},
	isbn = {0191-2917},
	author = {Parke, J. L. and Gr{\"u}nwald, N. J.}
}

%146
@article {grunwald_etal_2008,
	title = {\emph{{P}hytophthora ramorum}: a pathogen with a remarkably wide host range causing sudden oak death on oaks and ramorum blight on woody ornamentals},
	journal = {Molecular Plant Pathology},
	volume = {9},
	number = {6},
	year = {2008},
	note = {361PFTimes Cited:33Cited References Count:70},
	pages = {729-740},
	abstract = {<p>Phytophthora ramorum is an oomycete plant pathogen classified in the kingdom Stramenopila. P. ramorum is the causal agent of sudden oak death on coast live oak and tanoak as well as ramorum blight on woody ornamental and forest understorey plants. It causes stem cankers on trees, and leaf blight or stem dieback on ornamentals and understorey forest species. This pathogen is managed in the USA and Europe by eradication where feasible, by containment elsewhere and by quarantine in many parts of the world. Genomic resources provide information on genes of interest to disease management and have improved tremendously since sequencing the genome in 2004. This review provides a current overview of the pathogenicity, population genetics, evolution and genomics of P. ramorum.Taxonomy:Phytophthora ramorum (Werres, De Cock \&amp; Man in\&$\#$39;t Veld): kingdom Stramenopila; phylum Oomycota; class Peronosporomycetidae; order Pythiales; family Pythiaceae; genus Phytophthora.Host range:The host range is very large and the list of known hosts continues to expand at the time of writing. Coast live oak and tanoak are ecologically, economically and culturally important forest hosts in the USA. Rhododendron, Viburnum, Pieris, Syringa and Camellia are key ornamental hosts on which P. ramorum has been found repeatedly, some of which have been involved in moving the pathogen via nursery shipments.Disease symptoms:P. ramorum causes two different diseases with differing symptoms: sudden oak death (bleeding lesions, stem cankers) on oaks and ramorum blight (twig dieback and/or foliar lesions) on tree and woody ornamental hosts.Useful websites: http://nature.berkeley.edu/comtf/, http://rapra.csl.gov.uk/, http://www.aphis.usda.gov/plant_health/plant_pest_info/pram/index.shtml, http://genome.jgi-psf.org/Phyra1_1/Phyra1_1.home.html, http://pamgo.vbi.vt.edu/, http://pmgn.vbi.vt.edu/, http://vmd.vbi.vt.edu./, http://web.science.oregonstate.edu/bpp/labs/grunwald/resources.htm, http://www.defra.gov.uk/planth/pramorum.htm, http://www.invasive.org/browse/subject.cfm?sub=4603, http://www.forestry.gov.uk/forestry/WCAS-4Z5JLL</p>},
	keywords = {1st report, california, coast live oak, forest, in-vitro, infestans, mitochondrial genome sequences, north-american, p-kernoviae, susceptibility},
	isbn = {1464-6722},
	author = {Gr{\"u}nwald, N. J. and Goss, E. M. and Press, C. M.}
}
